@article{pola2018novel,
  title={Novel arsenic biosensor “POLA” obtained by a genetically modified E. coli bioreporter cell},
  author={Pola-L{\'o}pez, LA and Camas-Anzueto, JL and Mart{\'\i}nez-Antonio, A and Luj{\'a}n-Hidalgo, MC and Anzueto-S{\'a}nchez, G and Ru{\'\i}z-Valdiviezo, VM and Grajales-Couti{\~n}o, R and Gonz{\'a}lez, JH Casta{\~n}{\'o}n},
  journal={Sensors and Actuators B: Chemical},
  volume={254},
  pages={1061--1068},
  year={2018},
  publisher={Elsevier}
}
@article{cai2007modeling,
	title={Modeling the arsenic biosensor system.},
	author={Cai, Yizhi and Davidson, Bryony and Ma, Hongwu and French, Chris},
	journal={BMC Systems Biology},
	volume={1},
	number={S-1},
	pages={P83},
	year={2007}
}
@article{bikard2013programmable,
	title={Programmable repression and activation of bacterial gene expression using an engineered CRISPR-Cas system},
	author={Bikard, David and Jiang, Wenyan and Samai, Poulami and Hochschild, Ann and Zhang, Feng and Marraffini, Luciano A},
	journal={Nucleic acids research},
	volume={41},
	number={15},
	pages={7429--7437},
	year={2013},
	publisher={Oxford University Press}
}
@article{berset2017mechanistic,
	title={Mechanistic Modeling of Genetic Circuits for ArsR Arsenic Regulation},
	author={Berset, Yves and Merulla, Davide and Joublin, Aurélie and Hatzimanikatis, Vassily and Van Der Meer, Jan R},
	journal={ACS synthetic biology},
	volume={6},
	number={5},
	pages={862--874},
	year={2017},
	publisher={ACS Publications}
}