@article{KLEIN20181413,
title = "Hybridization Kinetics Explains CRISPR-Cas Off-Targeting Rules",
journal = "Cell Reports",
volume = "22",
number = "6",
pages = "1413 - 1423",
year = "2018",
issn = "2211-1247",
doi = "https://doi.org/10.1016/j.celrep.2018.01.045",
url = "http://www.sciencedirect.com/science/article/pii/S2211124718300779",
author = "Misha Klein and Behrouz Eslami-Mossallam and Dylan Gonzalez Arroyo and Martin Depken",
keywords = "CRISPR, Cas9, Cpf1, RNA guided nuclease, kinetic modeling, off-target prediction, genome engineering"
}