@article{klein2018hybridization,
	title={Hybridization kinetics explains CRISPR-Cas off-targeting rules},
	author={Klein, Misha and Eslami-Mossallam, Behrouz and Arroyo, Dylan Gonzalez and Depken, Martin},
	journal={Cell reports},
	volume={22},
	number={6},
	pages={1413--1423},
	year={2018},
	publisher={Elsevier}
}
